@book{Ticha2009,
  author = {Ludmila Tichá and Zdeňka Civínová and Michaela Morysková and Ilona Trtíková and Lenka Němečková},
  title = {Jak psát  vysokoškolské závěrečné práce},
  edition = {1. vydání, 2009, akt. říjen 2011, květen, říjen 2013, červen 2014, září 2016},
  urldate = {2021-11-14},
  url = {http://knihovna.cvut.cz/files/VSKP/VSKP.pdf},
}

@book{Katuscakc2008,
  author = {Dušan Katuščák and Barbora Drobíková and Richard Papík},
  title = {Jak psát závěrečné a kvalifikační práce},
  subtitle = {jak psát bakalářské práce, diplomové práce, dizertační práce, specializační práce, habilitační práce, seminární a ročníkové práce, práce studentské vědecké a odborné činnosti, jak vytvořit bibliografické citace a odkazy a citovat tradiční a elektronické dokumenty},
  publisher = {Enigma},
  address = {Nitra},
  year = {c2008},
  isbn = {978-80-89132-70-6},
}

@book{burkov2019,
  title={The Hundred-Page Machine Learning Book, Quebec City, Canada, 2019, ISBN 978-1999579517},
  author={Burkov, A},
  year={2019},
  isbn = {978-1999579517},
  publisher={Taylor \& Francis}
}

@online{agilemanifesto,
	title = {Manifest Agilního vývoje software},
	url = {https://agilemanifesto.org/iso/cs/manifesto.html},
	urldate = {2023-11-12},
}

@book{bishop2006pattern,
  title={Pattern Recognition and Machine Learning},
  author={Bishop, C. M.},
  year={2006},
  publisher={Springer},
  isbn={978-0-387-31073-2}
}

@book{elnaqa2015machine,
  title={What is Machine Learning?},
  author={El Naqa, Issam and Murphy, Martin J.},
  booktitle={Machine Learning in Radiation Oncology},
  pages={3-11},
  year={2015},
  publisher={Springer},
  doi={10.1007/978-3-319-18305-3_1},
  isbn={978-3-319-18304-6},
  S2CID={178586107}
}

@online{Vue.js,
    title = {Vue.js},
    urldate = {2023-05-06},
    url = {https://vuejs.org/guide/introduction.html}
}

@online{Git,
	title = {Co je {Git}? - {Azure} {DevOps}},
	url = {https://learn.microsoft.com/cs-cz/devops/develop/git/what-is-git},
	abstract = {Přečtěte si o GITu, distribuovaném systému správy verzí a o tom, jak se stal celosvětovou normou pro správu verzí.},
	language = {cs-cz},
	urldate = {2023-10-29},
	author = {mijacobs},
}

@online{Paper.js,
	title = {Paper.js — {About}},
	url = {http://paperjs.org/about/},
	urldate = {2023-10-29},
}

@online{mijacobs_planovani_2023,
	title = {Plánování efektivních úloh pomocí {DevOps} - Azure {DevOps}},
	url = {https://learn.microsoft.com/cs-cz/devops/plan/planning-efficient-workloads-with-devops},
	abstract = {Přečtěte si o fázi plánování {DevOps}. Podívejte se, jak používat agilní přístup k vývoji softwaru, abyste se mohli přizpůsobit měnícím se potřebám.},
	author = {mijacobs},
	urldate = {2023-10-29},
	date = {2023-08-29},
}

@online{Node.js,
    title = {Node.js},
    urldate = {2023-03-16},
    url = {https://nodejs.org/en},
}

@article{liu2020,
  title={Deep learning for generic object detection: A survey},
  author={Liu, Z. and Luo, P. and Qiu, S. and Wang, X. and Tang, X.},
  journal={International Journal of Computer Vision},
  volume={128},
  number={2},
  pages={261-318},
  year={2020}
}

@inproceedings{krizhevsky2012,
  title={Imagenet classification with deep convolutional neural networks},
  author={Krizhevsky, A. and Sutskever, I. and Hinton, G. E.},
  booktitle={Advances in neural information processing systems},
  pages={1097-1105},
  year={2012}
}

@article{lecun2015,
  title={Deep learning},
  author={LeCun, Y. and Bengio, Y. and Hinton, G.},
  journal={Nature},
  volume={521},
  number={7553},
  pages={436-444},
  year={2015}
}

@inproceedings{zhang2016,
  title={Is faster R-CNN doing well for pedestrian detection?},
  author={Zhang, L. and Lin, L. and Liang, X. and He, K. and Sun, J.},
  booktitle={European conference on computer vision},
  pages={443-457},
  year={2016}
}

@online{MDN_spa_2023,
	title = {{SPA} (Single-page application) - {MDN} Web Docs Glossary: Definitions of Web-related terms {\textbar} {MDN}},
	url = {https://developer.mozilla.org/en-US/docs/Glossary/SPA},
	shorttitle = {{SPA} (Single-page application) - {MDN} Web Docs Glossary},
	abstract = {An {SPA} (Single-page application) is a web app implementation that loads only a single web document, and then updates the body content of that single document via {JavaScript} {APIs} such as {XMLHttpRequest} and Fetch when different content is to be shown.},
	urldate = {2023-10-29},
	date = {2023-08-28},
	langid = {american},
}

@book{van_der_aalst_workflow_2004,
	title = {Workflow Management: Models, Methods, and Systems},
	isbn = {978-0-262-72046-5},
	series = {Cooperative information systems},
	publisher = {{MIT} Press},
	author = {van der Aalst, W. and van Hee, K.M.},
	date = {2004},
	lccn = {2001042602},
}

@book{muehlen_workflow-based_2004,
	title = {Workflow-based Process Controlling: Foundation, Design, and Application of Workflow-driven Process Information Systems},
	isbn = {978-3-8325-0388-8},
	series = {Advances in information systems and management science},
	publisher = {Logos},
	author = {Muehlen, M.Z.},
	date = {2004},
	lccn = {2006436546},
}

@book{chacon2014progit,
  title={Pro Git},
  author={Chacon, Scott and Straub, Ben},
  edition={2},
  publisher={Apress},
  year={2014},
  isbn={978-1484200773}
}

@misc{mijacobs_git_azure_2023,
	title = {Co je {Git}? - {Azure} {DevOps}},
	shorttitle = {Co je {Git}?},
	url = {https://learn.microsoft.com/cs-cz/devops/develop/git/what-is-git},
	abstract = {Přečtěte si o GITu, distribuovaném systému správy verzí a o tom, jak se stal celosvětovou normou pro správu verzí.},
	language = {cs-cz},
	urldate = {2023-10-29},
	author = {mijacobs},
	month = aug,
	year = {2023},
}

@online{nngroup,
	title = {The Definition of User Experience ({UX})},
	url = {https://www.nngroup.com/articles/definition-user-experience/},
	abstract = {"User experience" ({UX}) encompasses all aspects of the end-user's interaction with the company, its services, and its products.},
	titleaddon = {Nielsen Norman Group},
	author = {Experience, World Leaders in Research-Based User},
	urldate = {2023-11-21},
	langid = {english}
}

@inproceedings{ferraiolo1992role,
  title={Role-Based Access Controls},
  author={Ferraiolo, David and Kuhn, Richard},
  booktitle={Proceedings of the 15th National Computer Security Conference},
  pages={554--563},
  year={1992},
  organization={National Institute of Standards and Technology}
}

@online{MySQL,
	title = {{MySQL} :: Developer Zone},
	url = {https://dev.mysql.com/},
	urldate = {2023-11-22},
}

@report{butler_geojson_2016,
	title = {The {GeoJSON} Format},
	url = {https://datatracker.ietf.org/doc/rfc7946},
	number = {{RFC} 7946},
	institution = {Internet Engineering Task Force},
	type = {Request for Comments},
	author = {Butler, H. and Daly, M. and Doyle, A. and Gillies, Sean and Schaub, T. and Hagen, Stefan},
	urldate = {2023-11-22},
	date = {2016-08},
	doi = {10.17487/RFC7946},
}

@misc{iso9241,
  title={Ergonomics of human-system interaction},
  author={{International Organization for Standardization}},
  year={2010},
  publisher={{International Organization for Standardization}},
  note={ISO 9241-210},
  url={https://www.iso.org/standard/77520.html}
}
